<?xml version="1.0" encoding="UTF-8"?><collection xmlns="http://www.loc.gov/MARC21/slim"><record><leader>00576nam--2200193-i-4500</leader><controlfield tag="001">000015212</controlfield><controlfield tag="002">20161230</controlfield><controlfield tag="005">20161230201031</controlfield><controlfield tag="008">060222s1000------------r-----000-0-fre-d</controlfield><datafield ind1=" " ind2=" " tag="040"><subfield code="a">IFIN-HH</subfield></datafield><datafield ind1=" " ind2=" " tag="041"><subfield code="a">fre</subfield></datafield><datafield ind1=" " ind2=" " tag="080"><subfield code="a">541.5</subfield></datafield><datafield ind1="1" ind2=" " tag="100"><subfield code="a">Sirota, N.N</subfield></datafield><datafield ind1="1" ind2="0" tag="245"><subfield code="a">Chemical bonds in semiconductors and solids</subfield><subfield code="b">Translated from russian translation editor charles p. poole, jr</subfield><subfield code="c">N.n. sirota (ed.)</subfield></datafield><datafield ind1=" " ind2=" " tag="260"><subfield code="a">New York</subfield><subfield code="b">Consultants Bureau</subfield><subfield code="c">1967</subfield></datafield><datafield ind1=" " ind2=" " tag="300"><subfield code="a">XI+293P</subfield></datafield><datafield ind1=" " ind2=" " tag="490"><subfield code="a">A Special Research Report</subfield></datafield><datafield ind1=" " ind2=" " tag="852"><subfield code="a">77518</subfield><subfield code="c">537.311.33</subfield></datafield><datafield ind1=" " ind2=" " tag="CAT"><subfield code="a">Sys</subfield><subfield code="c">20110802</subfield><subfield code="h">131517</subfield></datafield></record></collection>